// Related Works
// =============

// Geometric Morphometrics
@article{adams2004geometric,
  title={Geometric morphometrics: ten years of progress following the ‘revolution’},
  author={Adams, Dean C and Rohlf, F James and Slice, Dennis E},
  journal={Italian Journal of Zoology},
  volume={71},
  number={1},
  pages={5--16},
  year={2004},
  publisher={Taylor \& Francis}
}

@article{mitteroecker2009advances,
  title={Advances in geometric morphometrics},
  author={Mitteroecker, Philipp and Gunz, Philipp},
  journal={Evolutionary Biology},
  volume={36},
  number={2},
  pages={235--247},
  year={2009},
  publisher={Springer}
}

// Shape Analysis
@book{da2010shape,
  title={Shape analysis and classification: theory and practice},
  author={da Fontoura Costa, Luciano and Cesar Jr, Roberto Marcond},
  year={2010},
  publisher={CRC press}
}

@article{belongie2002shape,
  title={Shape matching and object recognition using shape contexts},
  author={Belongie, Serge and Malik, Jitendra and Puzicha, Jan},
  journal={Pattern Analysis and Machine Intelligence, IEEE Transactions on},
  volume={24},
  number={4},
  pages={509--522},
  year={2002},
  publisher={IEEE}
}

// Image Segmentation Algorithms
// =============================

@article{houhou2009fast,
  title={Fast texture segmentation based on semi-local region descriptor and active contour},
  author={Houhou, Nawal and Thiran, Jean-Philippe and Bresson, Xavier},
  journal={Numerical Mathematics: Theory, Methods and Applications.},
  volume={2},
  number={EPFL-ARTICLE-140431},
  pages={445--468},
  year={2009}
}

@inproceedings{jain1990unsupervised,
  title={Unsupervised texture segmentation using Gabor filters},
  author={Jain, Anil K and Farrokhnia, Farshid},
  booktitle={Systems, Man and Cybernetics, 1990. Conference Proceedings., IEEE International Conference on},
  pages={14--19},
  year={1990},
  organization={IEEE}
}

@article{haralick1973textural,
  title={Textural features for image classification},
  author={Haralick, Robert M and Shanmugam, Karthikeyan and Dinstein, Its' Hak},
  journal={Systems, Man and Cybernetics, IEEE Transactions on},
  number={6},
  pages={610--621},
  year={1973},
  publisher={IEEE}
}

// Used Libraries
// ===============

@article{pedregosa2011scikit,
  title={Scikit-learn: Machine learning in Python},
  author={Pedregosa, Fabian and Varoquaux, Ga{\"e}l and Gramfort, Alexandre and Michel, Vincent and Thirion, Bertrand and Grisel, Olivier and Blondel, Mathieu and Prettenhofer, Peter and Weiss, Ron and Dubourg, Vincent and others},
  journal={The Journal of Machine Learning Research},
  volume={12},
  pages={2825--2830},
  year={2011},
  publisher={JMLR. org}
}

@article{van2014scikit,
  title={scikit-image: image processing in Python},
  author={Van Der Walt, Stefan and Sch{\"o}nberger, Johannes L and Nunez-Iglesias, Juan and Boulogne, Fran{\c{c}}ois and Warner, Joshua D and Yager, Neil and Gouillart, Emmanuelle and Yu, Tony},
  journal={PeerJ},
  volume={2},
  pages={e453},
  year={2014},
  publisher={PeerJ Inc.}
}

@inproceedings{akkirajualpha,
  title={Alpha Shapes: Definition and Software.},
  author={Akkiraju, N and Edelsbrunner, H and Facello, M},
  booktitle={Proceedings of the 1st International Computational Geometry Software Workshop },
  pages={63--66}
}
